@article{Rolando2014,
abstract = {Los sistemas de comunicaci{\'{o}}n permiten hoy en d{\'{i}}a controlar dispositivos electr{\'{o}}nicos que facilitan su uso y desplazamiento. Sin embargo, la integraci{\'{o}}n entre diferentes tipos de sistemas se convierte en un inconveniente porque existen diversas tecnolog{\'{i}}as y protocolos. En el presente art{\'{i}}culo se plasma la integraci{\'{o}}n de los sistemas embebidos, Raspberry Pi y Arduino, mediante el uso de los lenguajes de programaci{\'{o}}n Java y Phyton, teniendo en cuenta comunicaci{\'{o}}n serial de dos formas diferentes: puerto GPIO y cable USB. El sistema de integraci{\'{o}}n que permite la transmisi{\'{o}}n y la recepci{\'{o}}n de datos se realiza por medio del so≈øtware Python, y la interfaz de conexi{\'{o}}n es realizada con Java sobre una plataforma Android. Con el fin de establecer resultados de primera mano, se dise{\~{n}}{\'{o}} e implement{\'{o}} un brazo rob{\'{o}}tico, el cual es controlado por un Arduino, y la interfaz de acceso al sistema se realiza usando la placa Raspberry Pi. Los resultados de las pruebas que se hicieron determinaron la eficiencia del sistema de comunicaci{\'{o}}n y la confiabilidad de la informaci{\'{o}}n recibida por la placa Raspberry Pi},
author = {Rolando, David and Mora, Su{\'{a}}rez and G{\'{o}}mez, Alexandra Aparicio and Katerine, Yuli and Ib{\'{a}}{\~{n}}ez, Gallego and Camilo, Juan and Salcedo, Ram{\'{i}}rez},
file = {:D$\backslash$:/Juan David/documentos semestre/8 semestre/anteproyecto/bibliografia/latin{\_}america/COLOMBIA{\_}integracion raspberry y arduino{\_}Integraci{\'{o}}n de los sistemas.pdf:pdf},
keywords = {arduino,brazo rob{\'{o}}tico,comunicaci{\'{o}}n,raspberry pi,sistemas},
number = {2015},
pages = {69--96},
title = {{embebidos Raspberry Pi y Arduino para el manejo de un brazo rob{\'{o}}tico mediante una aplicaci{\'{o}}n Android}},
volume = {1},
year = {2014}
}
@article{GiralSala2016,
abstract = {? 2016 IEEE.This paper presents the development of a firmware for a Smart Switch, which can control the on-off of any electrical device at home by using internet. The Smart Switch is connected to internet via Wi-FiTM, through a computer, smartphone, tablet or any device with internet access. In order to perform this connection it is necessary to write the IP pre-programmed into the Smart Switch in a web browser (Internet Explorer, Chrome, Firefox, etc.) with the purpose to load the Smart Switch server, which will open a configuration page to write the data of the users network. Then, the user will select in automatic mode the network, the security type, and the user must have written a passphrase. Once these information is uploaded and saved, it is necessary to restart the Smart Switch in order to get access to internet, from which the user can control the Smart Switch simply sending a number one or a number zero to switch the electrical device, this process is done in principle via the internet, but it can be done without the use of internet, i.e. by using a local network.},
author = {{Giral Sala}, Jesus Ebert and {Morales Caporal}, Roberto and {Bonilla Huerta}, Edmundo and {Rodriguez Rivas}, Jaime Jose and {Rangel Magdaleno}, Jose De Jesus},
doi = {10.1109/TLA.2016.7483485},
file = {:D$\backslash$:/Juan David/documentos semestre/8 semestre/anteproyecto/bibliografia/latin{\_}america/MEXICO{\_}smart switch to connect and disconnect electrical Devices at home.pdf:pdf},
issn = {15480992},
journal = {IEEE Latin America Transactions},
keywords = {Home automation,Wi-Fi technology,internet of things,smart switch},
number = {4},
pages = {1575--1581},
title = {{A Smart Switch to Connect and Disconnect Electrical Devices at Home by Using Internet}},
volume = {14},
year = {2016}
}
@article{Cabrera2017,
abstract = {With the development of new technologies, which are able to connect with each other through network, the Internet of things (IoT), raised its popularity. This paper describes the implementation and configuration of an intelligent assistant for a domotic controller, which allows the user to control, remotely, the entire house using voice commands, a handle control is implemented for auxiliary conditions. This project also seeks to improve home safety by the implementation of an IP camera for video surveillance and sensors, all this system will be available to the user via any android device, giving access to their smart house from any place around the world. Moreover, the development of this intelligent house assistant is made with a low budget. {\textcopyright} 2016 IEEE.},
author = {Cabrera, Julio and Mena, Maria and Parra, Ana and Pinos, Eduardo},
doi = {10.1109/ROPEC.2016.7830531},
file = {:D$\backslash$:/Juan David/documentos semestre/8 semestre/anteproyecto/bibliografia/latin{\_}america/MEXICO{\_}domotic with arduino and ethernet sheld.pdf:pdf},
isbn = {9781509037940},
journal = {2016 IEEE International Autumn Meeting on Power, Electronics and Computing, ROPEC 2016},
keywords = {IP camera,domotic,ethernet shield,internet of things,speech recognition,voice commands},
number = {Ropec},
title = {{Intelligent assistant to control home power network}},
year = {2017}
}
@article{Imteaj2017,
abstract = {Ensuring minimum rights and safety of the garment workers has become a burning issue nowadays. The workers of garment factories are facing some labyrinths and broken out of fire is surely one of them. The investors are losing their interest and the prominence of this sector is getting toneless. In this paper, we have propounded a system which is capable to detect fire and can provide the location of the affected region. Raspberry Pi 3 has been used to control multiple Arduino which are integrated with a couple of sensors and camera. A 360 relay motor is assembled with the camera so that it can snap the image in whatever angle the fire is detected. We have provided a confirmation of the fire suspecting system to avoid any false alarm. The system will immediately send a message along with the image of the affected spot and Arduino's location. An admin can confirm or deny the impeachment and if the admin confirms the situation as a breaking out of fire, then the system will immediately raise an alarm and an automatic message will be sent to the nearby fire brigade.},
author = {Imteaj, Ahmed and Rahman, Tanveer and Hossain, Muhammad Kamrul and Alam, Mohammed Shamsul and Rahat, Saad Ahmad},
doi = {10.1109/ECACE.2017.7913031},
file = {:D$\backslash$:/Juan David/documentos semestre/8 semestre/anteproyecto/bibliografia/global/An IoT based fire alarming and authentication system for workhouse using Raspberry Pi 3.pdf:pdf},
isbn = {9781509056262},
journal = {ECCE 2017 - International Conference on Electrical, Computer and Communication Engineering},
keywords = {Arduino,Authentication,Camera,Fire detection,Notification,Raspberry Pi,Sensors,WiFi module},
number = {0},
pages = {899--904},
title = {{An IoT based Fire Alarming and Authentication System for Workhouse using Raspberry Pi 3}},
year = {2017}
}
@article{Mauricio2017,
author = {Mauricio, William and Ram{\'{i}}rez, Giral and Jos{\'{e}}, Hugo and Fl{\'{o}}rez, Celed{\'{o}}n and Restrepo, Eduard Galvis and Tatiana, Angela and Ortiz, Zona},
doi = {10.14483/22487638.12396},
file = {:D$\backslash$:/Juan David/documentos semestre/8 semestre/anteproyecto/bibliografia/latin{\_}america/COLOMBIA{\_}redes inteligentes en el contexto colombiano.pdf:pdf},
journal = {Tecnura},
keywords = {FNCE,red el{\'{e}}ctrica,red inteligente},
pages = {119--137},
title = {{Redes inteligentes en el sistema el{\'{e}}ctrico colombiano: Revisi{\'{o}}n de tema}},
url = {http://revistas.udistrital.edu.co/ojs/index.php/Tecnura/article/view/12396/13024},
volume = {21},
year = {2017}
}
@article{Howedi2017,
author = {Howedi, Aadel and Jwaid, Ali},
doi = {10.1109/FTC.2016.7821706},
file = {:D$\backslash$:/Juan David/documentos semestre/8 semestre/anteproyecto/bibliografia/global/desing and implementation prototype of a smart house system at low cost and multi functional.pdf:pdf},
isbn = {9781509041718},
journal = {FTC 2016 - Proceedings of Future Technologies Conference},
keywords = {Android Applications,Arduino Uno,Bluetooth,Smart house,home appliances,security},
number = {December},
pages = {876--884},
title = {{Design and implementation prototype of a smart house system at low cost and multi-functional}},
year = {2017}
}
@article{Shete2016,
author = {Shete, Rohini and Agrawal, Sushma},
doi = {10.1109/ICCSP.2016.7754526},
file = {:D$\backslash$:/Juan David/documentos semestre/8 semestre/anteproyecto/bibliografia/global/iot urban climate monitoring.pdf:pdf},
isbn = {9781509003969},
journal = {International Conference on Communication and Signal Processing, April 6-8, 2016, India IoT},
pages = {2008--2012},
title = {{IoT Based Urban Climate Monitoring using Raspberry Pi}},
year = {2016}
}
@techreport{Herrera2015,
author = {Herrera, Carlos and Simon, Joseph and Rodriguez, Carlos Eduardo and Jaramillo, Andres Felipe and Bernal, Andres and Ospina, Sandra and Luna, M{\'{a}}ximo},
file = {:D$\backslash$:/Juan David/documentos semestre/8 semestre/anteproyecto/bibliografia/CONCURSO SDLAC2015-FInal Rules (1).pdf:pdf},
number = {1967},
pages = {173--174},
title = {{Solar Decathlon Latin America and caribean}},
year = {2015}
}
