@techreport{Herrera2015,
author = {Herrera, Carlos and Simon, Joseph and Rodriguez, Carlos Eduardo and Jaramillo, Andres Felipe and Bernal, Andres and Ospina, Sandra and Luna, M{\'{a}}ximo},
file = {:C$\backslash$:/Users/Pcs/AppData/Local/Mendeley Ltd./Mendeley Desktop/Downloaded/Herrera et al. - 2015 - Solar Decathlon Latin America and caribean.pdf:pdf},
number = {1967},
pages = {173--174},
title = {{Solar Decathlon Latin America and caribean}},
year = {2015}
}
@article{Shete2016,
author = {Shete, Rohini and Agrawal, Sushma},
doi = {10.1109/ICCSP.2016.7754526},
file = {:C$\backslash$:/Users/Pcs/AppData/Local/Mendeley Ltd./Mendeley Desktop/Downloaded/Shete, Agrawal - 2016 - IoT Based Urban Climate Monitoring using Raspberry Pi.pdf:pdf},
isbn = {9781509003969},
journal = {International Conference on Communication and Signal Processing, April 6-8, 2016, India IoT},
pages = {2008--2012},
title = {{IoT Based Urban Climate Monitoring using Raspberry Pi}},
year = {2016}
}
@article{Howedi2017,
author = {Howedi, Aadel and Jwaid, Ali},
doi = {10.1109/FTC.2016.7821706},
file = {:C$\backslash$:/Users/Pcs/AppData/Local/Mendeley Ltd./Mendeley Desktop/Downloaded/Howedi, Jwaid - 2017 - Design and implementation prototype of a smart house system at low cost and multi-functional.pdf:pdf},
isbn = {9781509041718},
journal = {FTC 2016 - Proceedings of Future Technologies Conference},
keywords = {Android Applications,Arduino Uno,Bluetooth,Smart house,home appliances,security},
number = {December},
pages = {876--884},
title = {{Design and implementation prototype of a smart house system at low cost and multi-functional}},
year = {2017}
}
@article{Generales2015,
author = {Generales, Criterios and Competencia, D E L A},
file = {:C$\backslash$:/Users/Pcs/AppData/Local/Mendeley Ltd./Mendeley Desktop/Downloaded/Generales, Competencia - 2015 - No Title.pdf:pdf},
title = {{No Title}},
year = {2015}
}
@article{Mauricio2017,
author = {Mauricio, William and Ram{\'{i}}rez, Giral and Jos{\'{e}}, Hugo and Fl{\'{o}}rez, Celed{\'{o}}n and Restrepo, Eduard Galvis and Tatiana, Angela and Ortiz, Zona},
doi = {10.14483/22487638.12396},
file = {:C$\backslash$:/Users/Pcs/AppData/Local/Mendeley Ltd./Mendeley Desktop/Downloaded/Mauricio et al. - 2017 - Redes inteligentes en el sistema el{\'{e}}ctrico colombiano Revisi{\'{o}}n de tema.pdf:pdf},
journal = {Tecnura},
keywords = {FNCE,red el{\'{e}}ctrica,red inteligente},
pages = {119--137},
title = {{Redes inteligentes en el sistema el{\'{e}}ctrico colombiano: Revisi{\'{o}}n de tema}},
url = {http://revistas.udistrital.edu.co/ojs/index.php/Tecnura/article/view/12396/13024},
volume = {21},
year = {2017}
}
@book{Aldunate2011,
abstract = {El presente Manual busca ayudar al lector a entender y manejar los principios b{\'{a}}sicos del enfoque del Marco L{\'{o}}gico y su forma de aplicaci{\'{o}}n para el dise{\~{n}}o y posterior evaluaci{\'{o}}n de proyectos y programas. Las razones para escribir el Manual â€“y para darle el contenido que {\'{e}}l tiene- se basan en la renovada inquietud por contar con un instrumento, a la vez vers{\'{a}}til y sumamente potente, para apoyar a la llamada Gesti{\'{o}}n para Resultados, en los programas y proyectos del sector p{\'{u}}blico. Ello no implica que el Manual no sea {\'{u}}til para programas y proyectos del sector privado, sino que su redacci{\'{o}}n se ubica en un escenario en que sus usuarios esperados son funcionarios y consultores que trabajan en o para el sector p{\'{u}}blico. La Gesti{\'{o}}n para Resultados es una inquietud compartida por los gobiernos de Am{\'{e}}rica Latina y el Caribe ante las urgencias del desarrollo econ{\'{o}}mico, pol{\'{i}}tico y social de tipo sustentable, que necesitan los habitantes de la regi{\'{o}}n para mejorar su calidad de vida1. Es un enfoque que tiene algunas caracter{\'{i}}sticas que lo diferencia de las formas de gesti{\'{o}}n gubernamental m{\'{a}}s tradicionales, como la gesti{\'{o}}n por funciones preestablecidas.},
archivePrefix = {arXiv},
arxivId = {arXiv:1011.1669v3},
author = {Aldunate, E and C{\'{o}}rdoba, Julio},
booktitle = {CEPAL-Serie Manuales},
doi = {Available},
eprint = {arXiv:1011.1669v3},
file = {:C$\backslash$:/Users/Pcs/AppData/Local/Mendeley Ltd./Mendeley Desktop/Downloaded/Aldunate, C{\'{o}}rdoba - 2011 - Formulaci{\'{o}}n de programas con la metodolog{\'{i}}a de marco l{\'{o}}gico.pdf:pdf},
isbn = {9789211217711},
issn = {1098-6596},
number = {68},
pages = {121},
pmid = {25246403},
title = {{Formulaci{\'{o}}n de programas con la metodolog{\'{i}}a de marco l{\'{o}}gico}},
url = {http://scholar.google.com/scholar?hl=en{\&}btnG=Search{\&}q=intitle:Formulaci?n+de+programas+con+la+metodolog?a+de+marco+l?gico{\#}0},
year = {2011}
}
@article{Imteaj2017,
abstract = {Ensuring minimum rights and safety of the garment workers has become a burning issue nowadays. The workers of garment factories are facing some labyrinths and broken out of fire is surely one of them. The investors are losing their interest and the prominence of this sector is getting toneless. In this paper, we have propounded a system which is capable to detect fire and can provide the location of the affected region. Raspberry Pi 3 has been used to control multiple Arduino which are integrated with a couple of sensors and camera. A 360 relay motor is assembled with the camera so that it can snap the image in whatever angle the fire is detected. We have provided a confirmation of the fire suspecting system to avoid any false alarm. The system will immediately send a message along with the image of the affected spot and Arduino's location. An admin can confirm or deny the impeachment and if the admin confirms the situation as a breaking out of fire, then the system will immediately raise an alarm and an automatic message will be sent to the nearby fire brigade.},
author = {Imteaj, Ahmed and Rahman, Tanveer and Hossain, Muhammad Kamrul and Alam, Mohammed Shamsul and Rahat, Saad Ahmad},
doi = {10.1109/ECACE.2017.7913031},
file = {:C$\backslash$:/Users/Pcs/AppData/Local/Mendeley Ltd./Mendeley Desktop/Downloaded/Imteaj et al. - 2017 - An IoT based Fire Alarming and Authentication System for Workhouse using Raspberry Pi 3.pdf:pdf},
isbn = {9781509056262},
journal = {ECCE 2017 - International Conference on Electrical, Computer and Communication Engineering},
keywords = {Arduino,Authentication,Camera,Fire detection,Notification,Raspberry Pi,Sensors,WiFi module},
number = {0},
pages = {899--904},
title = {{An IoT based Fire Alarming and Authentication System for Workhouse using Raspberry Pi 3}},
year = {2017}
}
@book{Clients,
author = {Clients, Embedded Java},
file = {:C$\backslash$:/Users/Pcs/AppData/Local/Mendeley Ltd./Mendeley Desktop/Downloaded/Clients - Unknown - Pro JavaFX 8.pdf:pdf},
isbn = {9781430265740},
title = {{Pro JavaFX 8}}
}
@article{Cabrera2017,
abstract = {With the development of new technologies, which are able to connect with each other through network, the Internet of things (IoT), raised its popularity. This paper describes the implementation and configuration of an intelligent assistant for a domotic controller, which allows the user to control, remotely, the entire house using voice commands, a handle control is implemented for auxiliary conditions. This project also seeks to improve home safety by the implementation of an IP camera for video surveillance and sensors, all this system will be available to the user via any android device, giving access to their smart house from any place around the world. Moreover, the development of this intelligent house assistant is made with a low budget. {\textcopyright} 2016 IEEE.},
author = {Cabrera, Julio and Mena, Maria and Parra, Ana and Pinos, Eduardo},
doi = {10.1109/ROPEC.2016.7830531},
file = {:C$\backslash$:/Users/Pcs/AppData/Local/Mendeley Ltd./Mendeley Desktop/Downloaded/Cabrera et al. - 2017 - Intelligent assistant to control home power network.pdf:pdf},
isbn = {9781509037940},
journal = {2016 IEEE International Autumn Meeting on Power, Electronics and Computing, ROPEC 2016},
keywords = {IP camera,domotic,ethernet shield,internet of things,speech recognition,voice commands},
number = {Ropec},
title = {{Intelligent assistant to control home power network}},
year = {2017}
}
@article{GiralSala2016,
abstract = {? 2016 IEEE.This paper presents the development of a firmware for a Smart Switch, which can control the on-off of any electrical device at home by using internet. The Smart Switch is connected to internet via Wi-FiTM, through a computer, smartphone, tablet or any device with internet access. In order to perform this connection it is necessary to write the IP pre-programmed into the Smart Switch in a web browser (Internet Explorer, Chrome, Firefox, etc.) with the purpose to load the Smart Switch server, which will open a configuration page to write the data of the users network. Then, the user will select in automatic mode the network, the security type, and the user must have written a passphrase. Once these information is uploaded and saved, it is necessary to restart the Smart Switch in order to get access to internet, from which the user can control the Smart Switch simply sending a number one or a number zero to switch the electrical device, this process is done in principle via the internet, but it can be done without the use of internet, i.e. by using a local network.},
author = {{Giral Sala}, Jesus Ebert and {Morales Caporal}, Roberto and {Bonilla Huerta}, Edmundo and {Rodriguez Rivas}, Jaime Jose and {Rangel Magdaleno}, Jose De Jesus},
doi = {10.1109/TLA.2016.7483485},
file = {:C$\backslash$:/Users/Pcs/AppData/Local/Mendeley Ltd./Mendeley Desktop/Downloaded/Giral Sala et al. - 2016 - A Smart Switch to Connect and Disconnect Electrical Devices at Home by Using Internet.pdf:pdf},
issn = {15480992},
journal = {IEEE Latin America Transactions},
keywords = {Home automation,Wi-Fi technology,internet of things,smart switch},
number = {4},
pages = {1575--1581},
title = {{A Smart Switch to Connect and Disconnect Electrical Devices at Home by Using Internet}},
volume = {14},
year = {2016}
}
@article{Rolando2014,
abstract = {Los sistemas de comunicaci{\'{o}}n permiten hoy en d{\'{i}}a controlar dispositivos electr{\'{o}}nicos que facilitan su uso y desplazamiento. Sin embargo, la integraci{\'{o}}n entre diferentes tipos de sistemas se convierte en un inconveniente porque existen diversas tecnolog{\'{i}}as y protocolos. En el presente art{\'{i}}culo se plasma la integraci{\'{o}}n de los sistemas embebidos, Raspberry Pi y Arduino, mediante el uso de los lenguajes de programaci{\'{o}}n Java y Phyton, teniendo en cuenta comunicaci{\'{o}}n serial de dos formas diferentes: puerto GPIO y cable USB. El sistema de integraci{\'{o}}n que permite la transmisi{\'{o}}n y la recepci{\'{o}}n de datos se realiza por medio del soÅ¿tware Python, y la interfaz de conexi{\'{o}}n es realizada con Java sobre una plataforma Android. Con el fin de establecer resultados de primera mano, se dise{\~{n}}{\'{o}} e implement{\'{o}} un brazo rob{\'{o}}tico, el cual es controlado por un Arduino, y la interfaz de acceso al sistema se realiza usando la placa Raspberry Pi. Los resultados de las pruebas que se hicieron determinaron la eficiencia del sistema de comunicaci{\'{o}}n y la confiabilidad de la informaci{\'{o}}n recibida por la placa Raspberry Pi},
author = {Rolando, David and Mora, Su{\'{a}}rez and G{\'{o}}mez, Alexandra Aparicio and Katerine, Yuli and Ib{\'{a}}{\~{n}}ez, Gallego and Camilo, Juan and Salcedo, Ram{\'{i}}rez},
file = {:C$\backslash$:/Users/Pcs/AppData/Local/Mendeley Ltd./Mendeley Desktop/Downloaded/Rolando et al. - 2014 - embebidos Raspberry Pi y Arduino para el manejo de un brazo rob{\'{o}}tico mediante una aplicaci{\'{o}}n Android.pdf:pdf},
keywords = {arduino,brazo rob{\'{o}}tico,comunicaci{\'{o}}n,raspberry pi,sistemas},
number = {2015},
pages = {69--96},
title = {{embebidos Raspberry Pi y Arduino para el manejo de un brazo rob{\'{o}}tico mediante una aplicaci{\'{o}}n Android}},
volume = {1},
year = {2014}
}
@article{Chacos,
author = {Chacos, B Y Brad},
file = {:C$\backslash$:/Users/Pcs/AppData/Local/Mendeley Ltd./Mendeley Desktop/Downloaded/Chacos - Unknown - Raspberry Pi 3 The cures its biggest headaches.pdf:pdf},
title = {{Raspberry Pi 3 : The cures its biggest headaches}}
}
@article{Hossain2016,
author = {Hossain, Nazmul and Kabir, Mohammad Tanzir and Rahman, Tarif Riyad and Hossen, Mohamed Sajjad and Salauddin, Fahim},
doi = {10.1109/ICCSCE.2015.7482232},
file = {:C$\backslash$:/Users/Pcs/AppData/Local/Mendeley Ltd./Mendeley Desktop/Downloaded/Hossain et al. - 2016 - A real-time surveillance mini-rover based on OpenCV-Python-JAVA using Raspberry Pi 2.pdf:pdf},
isbn = {9781479982523},
journal = {Proceedings - 5th IEEE International Conference on Control System, Computing and Engineering, ICCSCE 2015},
keywords = {JAVA,Mini-rover,Networking,OpenCV,Python,Raspberry Pi 2,Real-time,Video Surveillance},
number = {November},
pages = {476--481},
title = {{A real-time surveillance mini-rover based on OpenCV-Python-JAVA using Raspberry Pi 2}},
year = {2016}
}
@book{Shovic2016,
abstract = {specifically the rights of translation, reprinting, reuse of illustrations, recitation, broadcasting, reproduction on microfilms or in any other physical way, and transmission or information storage and retrieval, electronic adaptation, computer software, or by similar or dissimilar methodology now known or hereafter developed. Exempted from this legal reservation are brief excerpts in connection with reviews or scholarly analysis or material supplied specifically for the purpose of being entered and executed on a computer system, for exclusive use by the purchaser of the work. Duplication of this publication or parts thereof is permitted only under the provisions of the Copyright Law of the Publisher's location, in its current version, and permission for use must always be obtained from Springer. Permissions for use may be obtained through RightsLink at the Copyright Clearance Center. Violations are liable to prosecution under the respective Copyright Law. Trademarked names, logos, and images may appear in this book. Rather than use a trademark symbol with every occurrence of a trademarked name, logo, or image we use the names, logos, and images only in an editorial fashion and to the benefit of the trademark owner, with no intention of infringement of the trademark. The use in this publication of trade names, trademarks, service marks, and similar terms, even if they are not identified as such, is not to be taken as an expression of opinion as to whether or not they are subject to proprietary rights.},
author = {Shovic, John C},
booktitle = {Library of Congress Control Number},
doi = {10.1007/978-1-4842-1377-3},
file = {:C$\backslash$:/Users/Pcs/AppData/Local/Mendeley Ltd./Mendeley Desktop/Downloaded/Shovic - 2016 - Raspberry Pi IoT Projects Prototyping Experiments for Makers Raspberry Pi IoT Projects Prototyping Experiments for Maker.pdf:pdf},
isbn = {978-1-4842-1377-3},
title = {{Raspberry Pi IoT Projects Prototyping Experiments for Makers Raspberry Pi IoT Projects Prototyping Experiments for Makers Raspberry Pi IoT Projects: Prototyping Experiments for Makers}},
url = {https://link-springer-com.zorac.aub.aau.dk/content/pdf/10.1007{\%}2F978-1-4842-1377-3.pdf},
year = {2016}
}
@article{Lee2016,
abstract = {In order to evaluate the quality of Internet of Things (IoT) environments in smart houses, large datasets containing interactions between people and ubiquitous environments are essential for hardware and software testing. Both testing and simulation require a substantial amount of time and volunteer resources. Consequently, the ability to simulate these ubiquitous environments has recently increased in importance. In order to create an easy-to-use simulator for designing ubiquitous environments, we propose a simulator and autonomous agent generator that simulates human activity in smart houses. The simulator provides a three-dimensional (3D) graphical user interface (GUI) that enables spatial configuration, along with virtual sensors that simulate actual sensors. In addition, the simulator provides an artificial intelligence agent that automatically interacts with virtual smart houses using a motivation-driven behavior planning method. The virtual sensors are designed to detect the states of the smart house and its living agents. The sensed datasets simulate long-term interaction results for ubiquitous computing researchers, reducing the testing costs associated with smart house architecture evaluation.},
author = {Lee, Wonsik and Cho, Seoungjae and Chu, Phuong and Vu, Hoang and Helal, Sumi and Song, Wei and Jeong, Young Sik and Cho, Kyungeun},
doi = {10.1016/j.neucom.2015.04.130},
file = {:C$\backslash$:/Users/Pcs/AppData/Local/Mendeley Ltd./Mendeley Desktop/Downloaded/Lee et al. - 2016 - Automatic agent generation for IoT-based smart house simulator.pdf:pdf},
issn = {18728286},
journal = {Neurocomputing},
keywords = {Autonomous agent,Behavior planning,GUI tool,Ubiquitous computing,Virtual environment},
pages = {14--24},
publisher = {Elsevier},
title = {{Automatic agent generation for IoT-based smart house simulator}},
url = {http://dx.doi.org/10.1016/j.neucom.2015.04.130},
volume = {209},
year = {2016}
}
@article{Saravia2004,
abstract = {El marco l{\'{o}}gico (matriz l{\'{o}}gica) es una herramienta para planificar, monitorear y evaluar proyectos en el contexto m{\'{a}}s amplio de programas, iniciativas nacionales o internacionales. Elaborado originalmente por el Departamento de Defensa de los EE.UU., el enfoque de marco l{\'{o}}gico fue adoptado por la Agencia Internacional para el Desarrollo de los EE.UU. (AID) a finales de los a{\~{n}}os 60. Desde entonces, ha sido tambi{\'{e}}n adoptado y desarrollado m{\'{a}}s a fondo por la Administraci{\'{o}}n de Desarrollo de Ultramar (ODA) en el Reino Unido, por el Fondo Internacional de Desarrollo Agr{\'{i}}cola (FIDA), por la Sociedad Alemana de Cooperaci{\'{o}}n T{\'{e}}cnica (GTZ) en Alemania, el Programa de las Naciones Unidas para el Desarrollo (PNUD), la Organizaci{\'{o}}n de Cooperaci{\'{o}}n y Desarrollo Econ{\'{o}}micos (OCDE) y muchas otras agencias para el desarrollo. Actualmente, varias agencias usan modelos de planificaci{\'{o}}n participativa y procedimientos de evaluaci{\'{o}}n basados en el marco l{\'{o}}gico.},
author = {Saravia, Ja},
file = {:C$\backslash$:/Users/Pcs/AppData/Local/Mendeley Ltd./Mendeley Desktop/Downloaded/Saravia - 2004 - Gu{\'{i}}a para la elaboraci{\'{o}}n del marco l{\'{o}}gico.pdf:pdf},
journal = {Universidad Aut{\'{o}}noma de Occidente, Oficina de Planeaci{\'{o}}n y Desarrollo Institucional - {\'{A}}rea de Proyectos},
pages = {1--17},
title = {{Gu{\'{i}}a para la elaboraci{\'{o}}n del marco l{\'{o}}gico}},
url = {http://www.uao.edu.co/sites/default/files/GUIA{\_}MARCO{\_}LO.pdf},
year = {2004}
}
@article{Mar2017,
author = {Mar, Profesional Rosa and Carrera, Nchez Prieto and Acad, Trabajo and Alcald, Valle and Comit, Miembro and Decathlon, Solar},
file = {:C$\backslash$:/Users/Pcs/AppData/Local/Mendeley Ltd./Mendeley Desktop/Downloaded/Mar et al. - 2017 - Perfil Competencias principales Formaci{\'{o}}n acad{\'{e}}mica Formaci{\'{o}}n complementaria Experiencia laboral Idiomas Conoc.pdf:pdf},
keywords = {el{\'{e}}ctricos,motivada por compartir conocimiento,pensamiento anal{\'{i}}tico,relacionados con alta tensi{\'{o}}n,sistemas de potencia,y,y participar en proyectos},
number = {10},
title = {{Perfil : Competencias principales : Formaci{\'{o}}n acad{\'{e}}mica : Formaci{\'{o}}n complementaria : Experiencia laboral : Idiomas : Conocimientos especializados / habilidades Inform{\'{a}}ticas : Reconocimientos Membrec{\'{i}}as Actividades de inter{\'{e}}s : Referencia Institucional}},
year = {2017}
}
@article{La,
author = {La, Para and Energetica, Eficiencia and La, E L Confort Y and David, Juan and Villegas, Ramirez and Floyd, Katherine Sabogal and Renovables, Energias and Valle, Universidad D E L and Ectrica, E L},
file = {:C$\backslash$:/Users/Pcs/AppData/Local/Mendeley Ltd./Mendeley Desktop/Downloaded/La et al. - Unknown - DISE NO Indice.pdf:pdf},
title = {{DISE NO Indice}}
}
